@ARTICLE{mahoney,
   author = {{Mahoney}, M.~W.},
    title = "{Lecture Notes on Spectral Graph Methods}",
  journal = {ArXiv e-prints},
archivePrefix = "arXiv",
   eprint = {1608.04845},
 primaryClass = "cs.DS",
 keywords = {Computer Science - Data Structures and Algorithms, Statistics - Machine Learning},
     year = 2016,
    month = aug,
   adsurl = {http://adsabs.harvard.edu/abs/2016arXiv160804845M},
  adsnote = {Provided by the SAO/NASA Astrophysics Data System}
}

@incollection{ng,
title = {On Spectral Clustering: Analysis and an algorithm},
author = {Andrew Y. Ng and Michael I. Jordan and Weiss, Yair},
booktitle = {Advances in Neural Information Processing Systems 14},
editor = {T. G. Dietterich and S. Becker and Z. Ghahramani},
pages = {849--856},
year = {2002},
publisher = {MIT Press},
url = {http://papers.nips.cc/paper/2092-on-spectral-clustering-analysis-and-an-algorithm.pdf}
}

